<record><leader>00000cas a22000007a 4500</leader><controlfield tag="001">19856075</controlfield><controlfield tag="008">890612d19211990mouwr ne      0    0eng d</controlfield><datafield ind1=" " ind2=" " tag="010"><subfield code="a">sn 89066401 </subfield></datafield><datafield ind1=" " ind2=" " tag="040"><subfield code="a">MQN</subfield><subfield code="b">eng</subfield><subfield code="c">MQN</subfield><subfield code="d">OCLCQ</subfield></datafield><datafield ind1=" " ind2=" " tag="042"><subfield code="a">msc</subfield></datafield><datafield ind1="0" ind2="4" tag="245"><subfield code="a">The Democrat-argus.</subfield></datafield><datafield ind1=" " ind2=" " tag="260"><subfield code="a">Caruthersville, Mo. :</subfield><subfield code="b">Chilton &amp; Juden,</subfield><subfield code="c">-1990.</subfield></datafield><datafield ind1=" " ind2=" " tag="300"><subfield code="a">v.</subfield></datafield><datafield ind1=" " ind2=" " tag="310"><subfield code="a">Weekly,</subfield><subfield code="b">&lt;June 12, 1942&gt;-</subfield></datafield><datafield ind1=" " ind2=" " tag="321"><subfield code="a">Semiweekly,</subfield><subfield code="b">&lt;Dec. 6, 1921&gt;-June 5, 1942</subfield></datafield><datafield ind1="1" ind2=" " tag="362"><subfield code="a">Began in 1921.</subfield></datafield><datafield ind1="0" ind2=" " tag="362"><subfield code="a">-v. 123, no. 31 (Aug. 30, 1990).</subfield></datafield><datafield ind1=" " ind2=" " tag="515"><subfield code="a">Continues numbering of: Twice-a-week democrat.</subfield></datafield><datafield ind1=" " ind2=" " tag="588"><subfield code="a">Description based on: Vol. 1, no. 2 (Dec. 6, 1921) = Old ser., 2258.</subfield></datafield><datafield ind1=" " ind2=" " tag="752"><subfield code="a">United States</subfield><subfield code="b">Missouri</subfield><subfield code="c">Pemiscot</subfield><subfield code="d">Caruthersville.</subfield></datafield><datafield ind1="0" ind2="4" tag="780"><subfield code="t">Twice-a-week democrat</subfield><subfield code="w">(DLC)sn 89066399</subfield></datafield><datafield ind1="0" ind2="4" tag="780"><subfield code="t">Pemiscot argus</subfield><subfield code="w">(DLC)sn 89066400</subfield></datafield><datafield ind1="0" ind2="0" tag="785"><subfield code="t">Thursday democrat-argus</subfield><subfield code="w">(DLC)sn 90061489</subfield></datafield></record>